@book{
insel,
    author = {Christian Ullenboom},
    title = {Java ist auch eine Insel},
    subtitle = {Einführung, Ausbildung, Praxis},
    year = {2001},
    publisher = {Rheinwerk Computing},
    edition = {14},
}

@book{
kotlin-handbuch,
    author = {Michael Kofler},
    title = {Kotlin},
    subtitle = {Das umfassende Handbuch},
    year = {2020},
    publisher = {Rheinwerk Computing},
    edition = {1},
}

@book{red-book,
    author = {Vaugh Vernon},
    title = {Implementing Domain-Driven Design},
    year = {2013},
    publisher = {Pearson Education},
    edition = {1},
}

@book{kotlin-patterns,
    author = {Alexy Soshin},
    title = {Design Patterns with Kotlin},
    year = {2018},
    publisher = {Packt},
}

@book{gang-of-four,
    author = {Erich Gamma, Richard Helm, Ralph Johnson, John Vlissides},
    title = {Design Patterns},
    year = {2015},
    publisher = {mitp},
    edition = {1},
}

@online{
tiobe,
    author = {TIOBE Software BV},
    title = {TIOBE Index},
    date = {08.03.2025},
    url = {https://www.tiobe.com/tiobe-index/},
}

@online{maven,
    author = {MvnRepository},
    title = {MVN Repository},
    date = {08.03.2025},
    url = {https://mvnrepository.com/repos},
}

@online{tn3-google,
    author = {Jörn Brien},
    title = {Kotlin: Google macht Java-Alternative zur Nummer eins bei der Android-App-Entwicklung},
    date = {09.05.2019},
    url = {https://t3n.de/news/kotlin-google-macht-java-alternative-zur-nummer-eins-bei-der-android-app-entwicklung-1161630/},
}

@online{billion-dollar-mistake,
    author = {Tony Hoare},
    title = {Null References: The Billion Dollar Mistake},
    date = {22.03.2025},
    url = {https://www.infoq.com/presentations/Null-References-The-Billion-Dollar-Mistake-Tony-Hoare/},
}

@online{jdk-record,
    author = {Oracle},
    title = {Open JDK},
    date = {10.04.2025},
    url = {https://openjdk.org/jeps/395},
}

@online{java-autobox,
    author = {Oracle},
    title = {Java Docs},
    date = {10.04.2025},
    url = {https://docs.oracle.com/javase/tutorial/java/data/autoboxing.html},
}

@online{doc-comparison,
    author = {Kotiln Docs},
    title = {Kotin Documentation},
    date = {20.03.2025},
    url = {https://kotlinlang.org/docs/comparison-to-java.html},
}

@online{kotlin-inline,
    author = {Jetbrains},
    title = {Kotlin Docs},
    date = {03.04.2025},
    url = {https://kotlinlang.org/docs/inline-functions.html},
}

@online{kotlin-extensions,
    author = {Jetbrains},
    title = {Kotlin Docs},
    date = {06.04.2025},
    url = {https://kotlinlang.org/docs/extensions.html},
}

@online{kotlin-infix-notation,
    author = {Jetbrains},
    title = {Kotlin Docs},
    date = {06.04.2025},
    url = {https://kotlinlang.org/docs/functions.html#infix-notation},
}

@online{kotlin-value-classes,
    author = {Jetbrains},
    title = {Kotlin Docs},
    date = {07.04.2025},
    url = {https://kotlinlang.org/docs/inline-classes.html},
}

@online{kotlin-compile,
    author = {Jetbrains},
    title = {Kotlin Docs},
    date = {10.04.2025},
    url = {https://kotlinlang.org/docs/compiler-reference.html},
}

@online{kotlin-java-in-kotlin,
    author = {Jetbrains},
    title = {Kotlin Docs},
    date = {10.04.2025},
    url = {https://kotlinlang.org/docs/java-to-kotlin-interop.html},
}

@online{kotlin-static-members,
    author = {Jetbrains},
    title = {Kotlin Docs},
    date = {10.04.2025},
    url = {https://kotlinlang.org/docs/java-interop.html#accessing-static-members},
}

@online{kotlin-visibility,
    author = {Jetbrains},
    title = {Kotlin Docs},
    date = {10.04.2025},
    url = {https://kotlinlang.org/docs/visibility-modifiers.html},
}

@online{kotlin-data-class,
    author = {Jetbrains},
    title = {Kotlin Docs},
    date = {10.04.2025},
    url = {https://kotlinlang.org/docs/data-classes.html},
}

@online{kotlin-types,
    author = {Jetbrains},
    title = {Kotlin Docs},
    date = {10.04.2025},
    url = {https://kotlinlang.org/docs/basic-types.html},
}

@online{kotlin-null,
    author = {Jetbrains},
    title = {Kotlin Docs},
    date = {10.04.2025},
    url = {https://kotlinlang.org/docs/java-to-kotlin-nullability-guide.html},
}

@online{kotlin-functions,
    author = {Jetbrains},
    title = {Kotlin Docs},
    date = {10.04.2025},
    url = {https://kotlinlang.org/docs/lambdas.html},
}